@article{huber2015orchestrating,
  title={Orchestrating high-throughput genomic analysis with Bioconductor},
  author={Huber, Wolfgang and Carey, Vincent J and Gentleman, Robert and Anders,
    Simon and Carlson, Marc and Carvalho, Benilton S and Bravo, Hector Corrada
    and Davis, Sean and Gatto, Laurent and Girke, Thomas and others},
  journal={Nature methods},
  volume={12},
  number={2},
  pages={115--121},
  year={2015},
  publisher={Nature Research}
}

@article{gentleman2004bioconductor,
  year  = {2004},
  publisher = {Springer Nature},
  volume = {5},
  number = {10},
  pages = {R80},
  title = {Bioconductor: open software development for computational biology and
    bioinformatics},
  author = {Robert C Gentleman and Vincent J Carey and Douglas M Bates and Ben
    Bolstad and Marcel Dettling and Sandrine Dudoit and Byron Ellis and Laurent
    Gautier and Yongchao Ge and Jeff Gentry and Kurt Hornik and Torsten Hothorn
    and Wolfgang Huber and Stefano Iacus and Rafael Irizarry and Friedrich
    Leisch and Cheng Li and Martin Maechler and Anthony J Rossini and Gunther
    Sawitzki and Colin Smith and Gordon Smyth and Luke Tierney and Jean YH Yang
    and Jianhua Zhang},
  journal = {Genome Biology}
}

@article{bembom2009biomarker,
  title={Biomarker discovery using targeted maximum-likelihood estimation:
         Application to the treatment of antiretroviral-resistant HIV
         infection},
  author={Bembom, Oliver and Petersen, Maya L and Rhee, Soo-Yon and Fessel, W
          Jeffrey and Sinisi, Sandra E and Shafer, Robert W and {van der Laan},
          Mark J},
  journal={Statistics in medicine},
  volume={28},
  number={1},
  pages={152--172},
  year={2009},
  publisher={Wiley Online Library}
}

@article{benjamini1995controlling,
  title={Controlling the false discovery rate: a practical and powerful
         approach to multiple testing},
  author={Benjamini, Yoav and Hochberg, Yosef},
  journal={Journal of the royal statistical society. Series B (Methodological)},
  pages={289--300},
  year={1995},
  publisher={JSTOR}
}

@article{gruber2010application,
  title={An application of collaborative targeted maximum likelihood estimation
         in causal inference and genomics},
  author={Gruber, Susan and {van der Laan}, Mark J},
  journal={The International Journal of Biostatistics},
  volume={6},
  number={1},
  year={2010}
}

@article{mchale2011global,
  Author = {McHale, Cliona M and Zhang, Luoping and Lan, Qing and Vermeulen,
            Roel and Li, Guilan and Hubbard, Alan E and Porter, Kristin E and
            Thomas, Reuben and Portier, Christopher J and Shen, Min and others},
  Journal = {Environmental health perspectives},
  Number = {5},
  Pages = {628},
  Publisher = {National Institute of Environmental Health Sciences},
  Title = {Global gene expression profiling of a population exposed to a range
           of benzene levels},
  Volume = {119},
  Year = {2011}
}

@manual{R,
  title = {R: A Language and Environment for Statistical Computing},
  author = {{R Core Team}},
  organization = {R Foundation for Statistical Computing},
  address = {Vienna, Austria},
  year = {2017},
  url = {https://www.R-project.org/}
}

@article{rosenbaum1983central,
  title={The central role of the propensity score in observational studies for
         causal effects},
  author={Rosenbaum, Paul R and Rubin, Donald B},
  journal={Biometrika},
  volume={70},
  number={1},
  pages={41--55},
  year={1983},
  publisher={Biometrika Trust}
}

@incollection{smyth2005limma,
  title={Limma: linear models for microarray data},
  author={Smyth, Gordon K},
  booktitle={Bioinformatics and computational biology solutions using R and Bioconductor},
  pages={397--420},
  year={2005},
  publisher={Springer}
}

@article{smyth2004linear,
  title = {Linear Models and Empirical Bayes Methods for Assessing Differential
    Expression in Microarray Experiments},
  author = {Smyth, Gordon K},
  journal={Statistical Applications in Genetics and Molecular Biology},
  volume={3},
  number={1},
  pages={1--25},
  year={2004}
}

@book{tsiatis2007semiparametric,
  Author = {Tsiatis, Anastasios},
  Publisher = {Springer Science \& Business Media},
  Title = {Semiparametric theory and missing data},
  Year = {2007}
}

@book{van2011targeted,
  title={Targeted learning: causal inference for observational and experimental
         data},
  author={{van der Laan}, Mark J and Rose, Sherri},
  year={2011},
  publisher={Springer Science \& Business Media}
}

@incollection{tuglus2011targeted,
  title={Targeted methods for biomarker discovery},
  author={Tuglus, Catherine and van der Laan, Mark J},
  booktitle={Targeted Learning},
  pages={367--382},
  year={2011},
  publisher={Springer}
}

@article{van2007super,
  title={Super learner},
  author={{van der Laan}, Mark J and Polley, Eric C and Hubbard, Alan E},
  journal={Statistical applications in genetics and molecular biology},
  volume={6},
  number={1},
  year={2007}
}

@article{hejazi2017biotmle,
  year = {2017},
  publisher = {The Open Journal},
  volume = {submitted},
  author = {Hejazi, Nima S and Cai, Weixin and Hubbard, Alan E},
  title = {biotmle: Targeted Learning for Biomarker Discovery},
  journal = {The Journal of Open Source Software}
}

@misc{barter2017superheat,
Author = {Rebecca L Barter and Bin Yu},
Title = {Superheat: An R package for creating beautiful and extendable heatmaps
  for visualizing complex data},
Year = {2017},
}
